@article{Bao2018,
    author = {Bao, Weizhu and Yin, Jia},
    year = {2018},
    month = {12},
    pages = {},
    title = {A fourth-order compact time-splitting Fourier pseudospectral method for the Dirac equation},
    volume = {6},
    journal = {Research in the Mathematical Sciences},
    doi = {10.1007/s40687-018-0173-x}
}

@article{Chin1997,
    author = {Chin, Siu},
    year = {1997},
    month = {01},
    pages = {344-348},
    title = {Symplectic integrators from composite operator factorizations},
    volume = {226},
    journal = {Physics Letters A},
    doi = {10.1016/S0375-9601(97)00003-0}
}

@article{Forest1990,
    author = {Forest, Etienne and Ruth, Ronald},
    year = {1990},
    month = {05},
    pages = {105-117},
    title = {Fourth-order symplectic integration},
    volume = {43},
    journal = {Physica D: Nonlinear Phenomena},
    doi = {10.1016/0167-2789(90)90019-L}
}

@article{Strang1968,
    author = {Strang, Gilbert},
    title = {On the Construction and Comparison of Difference Schemes},
    journal = {SIAM Journal on Numerical Analysis},
    volume = {5},
    number = {3},
    pages = {506-517},
    year = {1968},
    doi = {10.1137/0705041},
    URL = {https://doi.org/10.1137/0705041},
    eprint = {https://doi.org/10.1137/0705041}
}