@article{Keith2002,
    author = {Devlin, Keith},
    year = {2002},
    month = {01},
    pages = {},
    title = {The Millennium Problems: The Seven Greatest Unsolved Mathematical Puzzles of Our Time}
}

@article{Zhang2016,
    author = {Zhang, Qinghai},
    year = {2016},
    month = {06},
    pages = {1134-1180},
    title = {GePUP: Generic Projection and Unconstrained PPE for Fourth-Order Solutions of the Incompressible Navier–Stokes Equations with No-Slip Boundary Conditions},
    volume = {67},
    journal = {Journal of Scientific Computing},
    doi = {10.1007/s10915-015-0122-4}
}

@techreport{Chen:2008ifem,
	author = {Long Chen},
	journal = {Technical Report, University of California at Irvine},
	title = {{$i$FEM}: An Integrated Finite Element Methods Package in {MATLAB}},
	url = {https://github.com/lyc102/ifem},
	year = {2009}
}

@Article{dealII95,
  title   = {The \texttt{deal.II} Library, Version 9.5},
  author  = {Daniel Arndt and Wolfgang Bangerth and Maximilian Bergbauer and
             Marco Feder and Marc Fehling and Johannes Heinz and
             Timo Heister and Luca Heltai and Martin Kronbichler and
             Matthias Maier and Peter Munch and Jean-Paul Pelteret and
             Bruno Turcksin and David Wells and Stefano Zampini},
  journal = {Journal of Numerical Mathematics},
  year    = {2023},
  doi     = {10.1515/jnma-2023-0089},
  pages   = {231--246},
  volume  = {31},
  number  = {3},
  url     = {https://dealii.org/deal95-preprint.pdf}
}

@techreport{ChomboAMR,
    author = {Colella, Phillip and Graves, Daniel and Ligocki, Terry and Martin, Daniel and Straalen, Brian},
    year = {2003},
    month = {01},
    pages = {},
    title = {AMR Godunov Unsplit Algorithm and Implementation}
}

@techreport{ChomboDesign,
    author = {Colella, Phillip and Graves, Daniel and Ligocki, Terry and Martin, Daniel and Modiano, D. and Serafini, D. and Straalen, Brian},
    year = {2009},
    month = {01},
    pages = {},
    title = {Chombo Software Package for AMR Applications Design Document}
}

@techreport{ChomboEmbeddedBoundary,
    author = {Colella, Phillip and Graves, Daniel and Ligocki, Terry and Modiano, D. and Straalen, Brian},
    year = {2000},
    month = {02},
    pages = {},
    title = {EBChombo Software Package for Cartesian Grid, Embedded Boundary Applications}
}

@article{Zhang2012,
    author = {Zhang, Qinghai and Johansen, Hans and Colella, Phillip},
    year = {2012},
    month = {04},
    pages = {B179-B201},
    title = {A Fourth-Order Accurate Finite-Volume Method with Structured Adaptive Mesh Refinement for Solving the Advection-Diffusion Equation},
    volume = {34},
    journal = {SIAM Journal on Scientific Computing},
    doi = {10.1137/110820105}
}

@article{Zhang2011,
    author = {Zhang, Qinghai},
    year = {2011},
    month = {10},
    pages = {3159-3168},
    title = {High-order, multidimensional, and conservative coarse–fine interpolation for adaptive mesh refinement},
    volume = {200},
    journal = {Computer Methods in Applied Mechanics and Engineering - COMPUT METHOD APPL MECH ENG},
    doi = {10.1016/j.cma.2011.07.009}
}

@unpublished{PLG,
  author = "Zhang, Qinghai and Li, Zhixuan",
  title  = "Poised lattice generation in $\mathbb{Z}^D$ for multivariate polynomial interpolation",
  year   = 2022
}

@mastersthesis{lzx,
  author  = "黎至轩",
  title   = "二维不规则区域上不可压 Navier-Stokes 方程的四阶有限体积方法",
  school  = "浙江大学",
  year    = 2021,
  month   = apr
}

@article{YinSet2D,
    author = {Zhang, Qinghai and Li, Zhixuan},
    year = {2020},
    month = {05},
    pages = {2333-2364},
    title = {Boolean algebra of two-dimensional continua with arbitrarily complex topology},
    volume = {89},
    journal = {Mathematics of Computation},
    doi = {10.1090/mcom/3539}
}