@article{Liu2010,
    author = {Liu, Jian-guo and Liu, Jie and Pego, Robert},
    year = {2010},
    month = {05},
    pages = {3428-3453},
    title = {Stable and accurate pressure approximation for 
             unsteady incompressible viscous flow},
    volume = {229},
    journal = {J. Comput. Physics},
    doi = {10.1016/j.jcp.2010.01.010}
}

@article{Shirokoff2011,
    author = {Shirokoff, David and Rosales, R.R.},
    year = {2011},
    month = {09},
    pages = {8619-8646},
    title = {An efficient method for the incompressible 
             Navier-Stokes equations on irregular domains 
             with no-slip boundary conditions, high order 
             up to the boundary},
    volume = {230},
    journal = {Journal of Computational Physics},
    doi = {10.1016/j.jcp.2011.08.011}
}

@article{Volker2004,
    author = {John, Volker},
    year = {2004},
    month = {03},
    pages = {777-788},
    title = {Reference value for drag and lift of a 
             two-dimensional time dependent flow 
             around cylinder},
    volume = {44},
    journal = {International Journal for Numerical Methods in Fluids},
    doi = {10.1002/fld.679}
}

@article{Zhang2011,
    author = {Zhang, Qinghai},
    year = {2011},
    month = {10},
    pages = {3159-3168},
    title = {High-order, multidimensional, and conservative 
             coarse-fine interpolation for adaptive mesh refinement},
    volume = {200},
    journal = {Computer Methods in Applied Mechanics and Engineering 
               - COMPUT METHOD APPL MECH ENG},
    doi = {10.1016/j.cma.2011.07.009}
}

@article{Zhang2012,
    author = {Zhang, Qinghai and Johansen, Hans and Colella, Phillip},
    year = {2012},
    month = {04},
    pages = {B179-B201},
    title = {A Fourth-Order Accurate Finite-Volume Method with 
             Structured Adaptive Mesh Refinement for Solving 
             the Advection-Diffusion Equation},
    volume = {34},
    journal = {SIAM Journal on Scientific Computing},
    doi = {10.1137/110820105}
}

@article{Zhang2016,
    author = {Zhang, Qinghai},
    year = {2016},
    month = {06},
    pages = {1134-1180},
    title = {GePUP: Generic Projection and Unconstrained PPE 
             for Fourth-Order Solutions of the Incompressible 
             Navier-Stokes Equations with No-Slip Boundary Conditions},
    volume = {67},
    journal = {Journal of Scientific Computing},
    doi = {10.1007/s10915-015-0122-4}
}